@book{latex,
  title = {LaTeX : A Documentation Preparation System User's Guide and Reference Manual},
  publisher = {Addison-Wesley Professional},
  year = {1994},
  author = {Leslie Lamport}
}
@incollection{spall:2012,
  author      = "Spall, J. C.",
  title       = "Stochastic Optimization",
  editor      = "J. Gentle and W. Haerdle and Y. Mori",
  booktitle   = "Computational Statistics: Concepts and Methods (2nd ed.)",
  publisher   = "Springer-Verlag",
  address     = "Heidelberg",
  year        = 2012,
  pages       = "173–201",
  chapter     = 7,
}
@incollection{spall:1998,
  author      = "Spall, J. C.",
  title       = "Implementation of the simultaneous perturbation algorithm
for stochastic optimization",
  booktitle   = "IEEE Transactions on Aerospace and Electronic Systems 34",
  year        = 1998,
  pages       = "817–823",
  chapter     = 3,
}
@masterthesis{pcspsa:2018,
  title={An Alternative Online Calibration Approach for Dynamic Traffic Assignment Systems},
  author={Moeid Qurashi},
  year={2018},
  school={Technical University of Munich},
  address={Arcisstraße 21, 80333 München}
}
@online{OTF,
  author = {Sonja Surjanovic and Derek Bingham},
  title = {Virtual Library of Simulation Experiments: Test Functions and Datasets - Optimization Test Problems},
  year = 2017,
  url = {https://www.sfu.ca/~ssurjano/optimization.html},
  urldate = {2019-03-16}
}
@online{sumo-cuda,
  author = {Chris Blatchley and Thaddeus Bond},
  title = {SUMO-CUDA: An implementation of the SUMO traffic simulation tool suite using CUDA for GPU speedup},
  year = 2015,
  url = {https://github.com/thaddeus/sumo-cuda},
  urldate = {2019-03-16}
}